@book{dinsmore2014symbolic,
  title={The symbolic and connectionist paradigms: closing the gap},
  author={Dinsmore, John},
  year={2014},
  publisher={Psychology Press}
}

@inproceedings{krizhevsky2012imagenet,
  title={Imagenet classification with deep convolutional neural networks},
  author={Krizhevsky, Alex and Sutskever, Ilya and Hinton, Geoffrey E},
  booktitle={Advances in neural information processing systems},
  pages={1097--1105},
  year={2012}
}

@InProceedings{Szegedy_2015_CVPR,
  author = {Szegedy, Christian and Liu, Wei and Jia, Yangqing and Sermanet, Pierre and Reed, Scott and Anguelov, Dragomir and Erhan, Dumitru and Vanhoucke, Vincent and Rabinovich, Andrew},
  title = {Going Deeper With Convolutions},
  booktitle = {The IEEE Conference on Computer Vision and Pattern Recognition (CVPR)},
  month = {June},
  year = {2015}
}

@article{simonyan2014very,
  title={Very deep convolutional networks for large-scale image recognition},
  author={Simonyan, Karen and Zisserman, Andrew},
  journal={arXiv preprint arXiv:1409.1556},
  year={2014}
}

@misc{lotsDataAndrew,
  title = {Andrew Ng: Why ‘Deep Learning’ Is a Mandate for Humans, Not Just Machines},
  howpublished = {\url{https://www.wired.com/brandlab/2015/05/andrew-ng-deep-learning-mandate-humans-not-just-machines/}},
  note = {Accessed: 2015-05-01}
}

@article{cho2015much,
  title={How much data is needed to train a medical image deep learning system to achieve necessary high accuracy?},
  author={Cho, Junghwan and Lee, Kyewook and Shin, Ellie and Choy, Garry and Do, Synho},
  journal={arXiv preprint arXiv:1511.06348},
  year={2015}
}

@article{hu2018frankenstein,
  title={Frankenstein: Learning deep face representations using small data},
  author={Hu, Guosheng and Peng, Xiaojiang and Yang, Yongxin and Hospedales, Timothy M and Verbeek, Jakob},
  journal={IEEE Transactions on Image Processing},
  volume={27},
  number={1},
  pages={293--303},
  year={2018},
  publisher={IEEE}
}

@inproceedings{oquab2014learning,
  title={Learning and transferring mid-level image representations using convolutional neural networks},
  author={Oquab, Maxime and Bottou, Leon and Laptev, Ivan and Sivic, Josef},
  booktitle={Computer Vision and Pattern Recognition (CVPR), 2014 IEEE Conference on},
  pages={1717--1724},
  year={2014},
  organization={IEEE}
}

@inproceedings{bromley1994signature,
  title={Signature verification using a" siamese" time delay neural network},
  author={Bromley, Jane and Guyon, Isabelle and LeCun, Yann and S{\"a}ckinger, Eduard and Shah, Roopak},
  booktitle={Advances in Neural Information Processing Systems},
  pages={737--744},
  year={1994}
}

@misc{oslsiamese,
  title = {One Shot Learning with Siamese Networks in pytorch},
  howpublished = {\url{https://hackernoon.com/one-shot-learning-with-siamese-networks-in-pytorch-8ddaab10340e}},
  note = {Accessed: 2017-07-15}
}