@book{dinsmore2014symbolic,
  title={The symbolic and connectionist paradigms: closing the gap},
  author={Dinsmore, John},
  year={2014},
  publisher={Psychology Press}
}

@inproceedings{krizhevsky2012imagenet,
  title={Imagenet classification with deep convolutional neural networks},
  author={Krizhevsky, Alex and Sutskever, Ilya and Hinton, Geoffrey E},
  booktitle={Advances in neural information processing systems},
  pages={1097--1105},
  year={2012}
}

@InProceedings{Szegedy_2015_CVPR,
  author = {Szegedy, Christian and Liu, Wei and Jia, Yangqing and Sermanet, Pierre and Reed, Scott and Anguelov, Dragomir and Erhan, Dumitru and Vanhoucke, Vincent and Rabinovich, Andrew},
  title = {Going Deeper With Convolutions},
  booktitle = {The IEEE Conference on Computer Vision and Pattern Recognition (CVPR)},
  month = {June},
  year = {2015}
}

@article{simonyan2014very,
  title={Very deep convolutional networks for large-scale image recognition},
  author={Simonyan, Karen and Zisserman, Andrew},
  journal={arXiv preprint arXiv:1409.1556},
  year={2014}
}

@misc{lotsDataAndrew,
  title = {Andrew Ng: Why ‘Deep Learning’ Is a Mandate for Humans, Not Just Machines},
  howpublished = {\url{https://www.wired.com/brandlab/2015/05/andrew-ng-deep-learning-mandate-humans-not-just-machines/}},
  note = {Accessed: 2015-05-01}
}

@article{cho2015much,
  title={How much data is needed to train a medical image deep learning system to achieve necessary high accuracy?},
  author={Cho, Junghwan and Lee, Kyewook and Shin, Ellie and Choy, Garry and Do, Synho},
  journal={arXiv preprint arXiv:1511.06348},
  year={2015}
}

@article{hu2018frankenstein,
  title={Frankenstein: Learning deep face representations using small data},
  author={Hu, Guosheng and Peng, Xiaojiang and Yang, Yongxin and Hospedales, Timothy M and Verbeek, Jakob},
  journal={IEEE Transactions on Image Processing},
  volume={27},
  number={1},
  pages={293--303},
  year={2018},
  publisher={IEEE}
}

@inproceedings{oquab2014learning,
  title={Learning and transferring mid-level image representations using convolutional neural networks},
  author={Oquab, Maxime and Bottou, Leon and Laptev, Ivan and Sivic, Josef},
  booktitle={Computer Vision and Pattern Recognition (CVPR), 2014 IEEE Conference on},
  pages={1717--1724},
  year={2014},
  organization={IEEE}
}

@inproceedings{bromley1994signature,
  title={Signature verification using a" siamese" time delay neural network},
  author={Bromley, Jane and Guyon, Isabelle and LeCun, Yann and S{\"a}ckinger, Eduard and Shah, Roopak},
  booktitle={Advances in Neural Information Processing Systems},
  pages={737--744},
  year={1994}
}

@inproceedings{koch,
  title={Siamese Neural Networks for One-shot Image Recognition},
  author={Koch, Zemel and Salakhutdinov},
  booktitle={PhD thesis},
  year={2015}
}

@misc{oslsiamese,
  title = {One Shot Learning with Siamese Networks in pytorch},
  howpublished = {\url{https://hackernoon.com/one-shot-learning-with-siamese-networks-in-pytorch-8ddaab10340e}},
  note = {Accessed: 2017-07-15}
}

@article{chen2016deep,
  title={Deep feature extraction and classification of hyperspectral images based on convolutional neural networks},
  author={Chen, Yushi and Jiang, Hanlu and Li, Chunyang and Jia, Xiuping and Ghamisi, Pedram},
  journal={IEEE Transactions on Geoscience and Remote Sensing},
  volume={54},
  number={10},
  pages={6232--6251},
  year={2016},
  publisher={IEEE}
}

@inproceedings{ng2015deep,
  title={Deep learning for emotion recognition on small datasets using transfer learning},
  author={Ng, Hong-Wei and Nguyen, Viet Dung and Vonikakis, Vassilios and Winkler, Stefan},
  booktitle={Proceedings of the 2015 ACM on international conference on multimodal interaction},
  pages={443--449},
  year={2015},
  organization={ACM}
}

@article{DBLP:journals/corr/abs-1708-07747,
  author    = {Han Xiao and
               Kashif Rasul and
               Roland Vollgraf},
  title     = {Fashion-MNIST: a Novel Image Dataset for Benchmarking Machine Learning
               Algorithms},
  journal   = {CoRR},
  volume    = {abs/1708.07747},
  year      = {2017},
  url       = {http://arxiv.org/abs/1708.07747},
  archivePrefix = {arXiv},
  eprint    = {1708.07747},
  timestamp = {Tue, 05 Sep 2017 10:03:46 +0200},
  biburl    = {http://dblp.org/rec/bib/journals/corr/abs-1708-07747},
  bibsource = {dblp computer science bibliography, http://dblp.org}
}

@inproceedings{aneja2016modeling,
  title={Modeling Stylized Character Expressions via Deep Learning},
  author={Aneja, Deepali and Colburn, Alex and Faigin, Gary and Shapiro, Linda and Mones, Barbara},
  booktitle={Asian Conference on Computer Vision},
  pages={136--153},
  year={2016},
  organization={Springer}
}

@article{DBLP:journals/corr/SimonyanZ14a,
  author    = {Karen Simonyan and
               Andrew Zisserman},
  title     = {Very Deep Convolutional Networks for Large-Scale Image Recognition},
  journal   = {CoRR},
  volume    = {abs/1409.1556},
  year      = {2014},
  url       = {http://arxiv.org/abs/1409.1556},
  archivePrefix = {arXiv},
  eprint    = {1409.1556},
  timestamp = {Wed, 07 Jun 2017 14:41:51 +0200},
  biburl    = {http://dblp.org/rec/bib/journals/corr/SimonyanZ14a},
  bibsource = {dblp computer science bibliography, http://dblp.org}
}

@article{blum1997selection,
  title={Selection of relevant features and examples in machine learning},
  author={Blum, Avrim L and Langley, Pat},
  journal={Artificial intelligence},
  volume={97},
  number={1-2},
  pages={245--271},
  year={1997},
  publisher={Elsevier}
}

@inproceedings{deng2009imagenet,
  title={Imagenet: A large-scale hierarchical image database},
  author={Deng, Jia and Dong, Wei and Socher, Richard and Li, Li-Jia and Li, Kai and Fei-Fei, Li},
  booktitle={Computer Vision and Pattern Recognition, 2009. CVPR 2009. IEEE Conference on},
  pages={248--255},
  year={2009},
  organization={IEEE}
}

@article{krizhevsky2014cifar,
  title={The CIFAR-10 dataset},
  author={Krizhevsky, Alex and Nair, Vinod and Hinton, Geoffrey},
  journal={online: http://www. cs. toronto. edu/kriz/cifar. html},
  year={2014}
}

@misc{CIFAR-100,
  title = {CIFAR-10 and CIFAR-100},
  howpublished = {\url{https://www.cs.toronto.edu/~kriz/cifar.html}},
  author = "{Alex and Nair, Vinod and Hinton, Geoffrey}",
  year = "{2010}"
}

@misc{ImageNet,
  title = {ImageNet},
  howpublished = {\url{http://www.image-net.org/}},
  author = "{ImageNet}",
  year = "{1996}"
}

@article{interim-report,
  title={MLP Coursework 3: Interim Report},
  author={s1700260, s1457374, s1784849},
  year={2018}
}

@incollection{hecht1992theory,
  title={Theory of the backpropagation neural network},
  author={Hecht-Nielsen, Robert},
  booktitle={Neural networks for perception},
  pages={65--93},
  year={1992},
  publisher={Elsevier}
}

@article{clevert2015fast,
  title={Fast and accurate deep network learning by exponential linear units (elus)},
  author={Clevert, Djork-Arn{\'e} and Unterthiner, Thomas and Hochreiter, Sepp},
  journal={arXiv preprint arXiv:1511.07289},
  year={2015}
}

@misc{howMuchData,
  title = {How Much Training Data is Required for Machine Learning?},
  howpublished = {\url{https://machinelearningmastery.com/much-training-data-required-machine-learning/}},
  author = "{Jason Brownlee}",
  year = "{2017}"
}

@misc{nanoNets,
  title = {NanoNets : How to use Deep Learning when you have Limited Data},
  howpublished = {\url{https://medium.com/nanonets/nanonets-how-to-use-deep-learning-when-you-have-limited-data-f68c0b512cab}},
  author = "{Sarthak Jain}",
  year = "{2017}"
}

@incollection{NIPS2014_5347,
title = {How transferable are features in deep neural networks?},
author = {Yosinski, Jason and Clune, Jeff and Bengio, Yoshua and Lipson, Hod},
booktitle = {Advances in Neural Information Processing Systems 27},
editor = {Z. Ghahramani and M. Welling and C. Cortes and N. D. Lawrence and K. Q. Weinberger},
pages = {3320--3328},
year = {2014},
publisher = {Curran Associates, Inc.},
url = {http://papers.nips.cc/paper/5347-how-transferable-are-features-in-deep-neural-networks.pdf}
}

@inproceedings{ahmed2015improved,
  title={An improved deep learning architecture for person re-identification},
  author={Ahmed, Ejaz and Jones, Michael and Marks, Tim K},
  booktitle={Proceedings of the IEEE Conference on Computer Vision and Pattern Recognition},
  pages={3908--3916},
  year={2015}
}